

@Article{GraffZivin2018,
  author  = {Graff Zivin, Joshua and Hsiang, Solomon M and Neidell, Matthew},
  title   = {Temperature and Human Capital in the Short and Long Run},
  journal = {Journal of the Association of Environmental and Resource Economists},
  year    = {2018},
  volume  = {5},
  number  = {1},
  pages   = {77-105},
  issn    = {2333-5955},
  type    = {Journal Article},
}

@Book{Lutz2017,
  title     = {World Population \& Human Capital in the Twenty-First Century: An Overview},
  publisher = {Oxford University Press},
  year      = {2017},
  author    = {Lutz, Wolfgang and Butz, William P and Samir, KC ed},
  isbn      = {0192542834},
  type      = {Book},
}

@Article{Zeng2017,
  author  = {Zeng, X. and Liu, L. and Leung, S. and Du, J. and Wang, X. and Li, T.},
  title   = {A decision support model for investment on P2P lending platform},
  journal = {PLoS One},
  year    = {2017},
  volume  = {12},
  number  = {9},
  pages   = {e0184242},
  issn    = {1932-6203 (Electronic)
1932-6203 (Linking)},
  doi     = {10.1371/journal.pone.0184242},
  type    = {Journal Article},
  url     = {https://www.ncbi.nlm.nih.gov/pubmed/28877234},
}
